@inproceedings{kaye2014money,
  title={Money talks: tracking personal finances},
  author={Kaye, Joseph Jofish and McCuistion, Mary and Gulotta, Rebecca and Shamma, David A},
  booktitle={Proceedings of the SIGCHI Conference on Human Factors in Computing Systems},
  pages={521--530},
  year={2014},
  organization={ACM}
}

@book{boutruche2008raising,
  title={Raising young refugees' voices in Europe and beyond: a seminar report},
  author={Boutruche, Samuel and Bourgeois, St{\'e}phanie and Lyamouri-Bajja, Nadine},
  year={2008},
  publisher={Council of Europe}
}

@inproceedings{hughes1998understanding,
  title={Understanding technology in domestic environments: Lessons for cooperative buildings},
  author={Hughes, John and O’Brien, Jon and Rodden, Tom},
  booktitle={International Workshop on Cooperative Buildings},
  pages={248--261},
  year={1998},
  organization={Springer}
}

@inproceedings{snow2015fixing,
  title={Fixing the Alignment: An Exploration of Budgeting Practices in the Home},
  author={Snow, Stephen and Vyas, Dhaval},
  booktitle={Proceedings of the 33rd Annual ACM Conference Extended Abstracts on Human Factors in Computing Systems},
  pages={2271--2276},
  year={2015},
  organization={ACM}
}

@inproceedings{coleman2008nestegg,
  title={The NestEgg: a budgeting tool},
  author={Coleman Morse, Susan and Kitover Lobo Alves, Augusto},
  booktitle={CHI'08 Extended Abstracts on Human Factors in Computing Systems},
  pages={3891--3896},
  year={2008},
  organization={ACM}
}

@inproceedings{crabtree2003finding,
  title={Finding a Place for UbiComp in the Home},
  author={Crabtree, Andy and Rodden, Tom and Hemmings, Terry and Benford, Steve},
  booktitle={International Conference on Ubiquitous Computing},
  pages={208--226},
  year={2003},
  organization={Springer}
}

@article{gaver2001designing,
  title={Designing for ludic aspects of everyday life},
  author={Gaver, William},
  journal={Ercim News},
  volume={47},
  pages={20--21},
  year={2001}
}

@inproceedings{stockinger2013smartpiggy,
  title={SmartPiggy: A Piggy Bank that talks to your Smartphone},
  author={Stockinger, Tobias and Koelle, Marion and Lindemann, Patrick and Witzani, Lukas and Kranz, Matthias},
  booktitle={Proceedings of the 12th International Conference on Mobile and Ubiquitous Multimedia},
  pages={42},
  year={2013},
  organization={ACM}
}

@inproceedings{kerber2014towards,
  title={Towards a novel digital household account book},
  author={Kerber, Frederic and Lessel, Pascal and Altmeyer, Maximilian and Kaltenhauser, Annika and Neurohr, Christian and Kr{\"u}ger, Antonio},
  booktitle={Proceedings of the extended abstracts of the 32nd annual ACM conference on Human factors in computing systems},
  pages={1921--1926},
  year={2014},
  organization={ACM}
}

@misc{mint,
  title = {Mint: Money Manager, Personal Finance and Budgeting},
  author = {Mint},
  howpublished = "\url{https://www.mint.com/}",
  year = {2017 (accessed May 3, 2017)}
}

@misc{spiir,
  title = {Spiir - You're the money boss},
  author = {Spiir},
  howpublished = "\url{https://www.spiir.dk/}",
  year = {2017 (accessed May 3, 2017)}
}

@misc{levelmoney,
  title = {Level Money},
  author = {Level Money},
  howpublished = "\url{https://www.levelmoney.com/}",
  year = {2017 (accessed May 3, 2017)}
}

@misc{moneylover,
  title = {Money Lover - Money Manager, Budget \& Personal Finance},
  author = {Money Lover},
  howpublished = "\url{https://moneylover.me/}",
  year = {2017 (accessed May 3, 2017)}
}

@misc{weekly,
  title = {Weekly – Dit forbrug for en uge},
  author = {Jyske Bank},
  howpublished = "\url{https://www.jyskebank.dk/weekly}",
  year = {2017 (accessed May 3, 2017)}
}

@misc{homebudget,
  title = {HomeBudget – Expense Management Software for the Home},
  author = {Anishu},
  howpublished = "\url{http://www.anishu.com/}",
  year = {2017 (accessed May 3, 2017)}
}

@misc{kash,
  title = {Show Kids the Magic of Saving},
  author = {ASB Bank},
  howpublished = "\url{https://www.asb.co.nz/banking-with-asb/clever-kash.html}",
  year = {2017 (accessed May 3, 2017)}
}

@misc{ernit,
  title = {Making Digital Money Tangible},
  author = {ERNIT},
  howpublished = "\url{http://www.ernit.com/}",
  year = {2017 (accessed May 3, 2017)}
}

@misc{porkfolio,
  title = {Porkfolio},
  author = {Wink},
  howpublished = "\url{https://www.wink.com/help/products/quirky-porkfolio-piggy-bank/}",
  year = {2017 (accessed May 3, 2017)}
}

@techreport{ensor2006segmenting,
  author = {Benjamin Ensor},
  title = {Segmenting Financial Consumers},
  institution = {Forrester},
  year = {2006}
}

@inproceedings{rodden2003evolution,
  title={The evolution of buildings and implications for the design of ubiquitous domestic environments},
  author={Rodden, Tom and Benford, Steve},
  booktitle={Proceedings of the SIGCHI conference on Human factors in computing systems},
  pages={9--16},
  year={2003},
  organization={ACM}
}

@inproceedings{rodden2004between,
  title={Between the dazzle of a new building and its eventual corpse: assembling the ubiquitous home},
  author={Rodden, Tom and Crabtree, Andy and Hemmings, Terry and Koleva, Boriana and Humble, Jan and {\AA}kesson, Karl-Petter and Hansson, P{\"a}r},
  booktitle={Proceedings of the 5th conference on Designing interactive systems: processes, practices, methods, and techniques},
  pages={71--80},
  year={2004},
  organization={ACM}
}

@inproceedings{edwards2001home,
  title={At home with ubiquitous computing: Seven challenges},
  author={Edwards, W Keith and Grinter, Rebecca E},
  booktitle={International Conference on Ubiquitous Computing},
  pages={256--272},
  year={2001},
  organization={Springer}
}

@inproceedings{kidd1999aware,
  title={The aware home: A living laboratory for ubiquitous computing research},
  author={Kidd, Cory D and Orr, Robert and Abowd, Gregory D and Atkeson, Christopher G and Essa, Irfan A and MacIntyre, Blair and Mynatt, Elizabeth and Starner, Thad E and Newstetter, Wendy},
  booktitle={International Workshop on Cooperative Buildings},
  pages={191--198},
  year={1999},
  organization={Springer}
}

@book{sharp2007interaction,
  title={Interaction Design: Beyond Human Computer Interaction},
  author={Sharp, Helen and Rogers, Yvonne and Preece, Jenny},
  year={2007},
  edition={4},
  publisher={John Wiley \& Sons}
}

@article{gaver1999design,
  title={Design: cultural probes},
  author={Gaver, Bill and Dunne, Tony and Pacenti, Elena},
  journal={interactions},
  volume={6},
  number={1},
  pages={21--29},
  year={1999},
  publisher={ACM}
}

@inproceedings{read2006using,
  title={Using the fun toolkit and other survey methods to gather opinions in child computer interaction},
  author={Read, Janet C and MacFarlane, Stuart},
  booktitle={Proceedings of the 2006 conference on Interaction design and children},
  pages={81--88},
  year={2006},
  organization={ACM}
}

@inproceedings{boer2012provotypes,
  title={Provotypes for participatory innovation},
  author={Boer, Laurens and Donovan, Jared},
  booktitle={Proceedings of the designing interactive systems conference},
  pages={388--397},
  year={2012},
  organization={ACM}
}

@inproceedings{tolmie2002unremarkable,
  title={Unremarkable computing},
  author={Tolmie, Peter and Pycock, James and Diggins, Tim and MacLean, Allan and Karsenty, Alain},
  booktitle={Proceedings of the SIGCHI conference on Human factors in computing systems},
  pages={399--406},
  year={2002},
  organization={ACM}
}

@article{crabtree2004domestic,
  title={Domestic routines and design for the home},
  author={Crabtree, Andy and Rodden, Tom},
  journal={Computer Supported Cooperative Work (CSCW)},
  volume={13},
  number={2},
  pages={191--220},
  year={2004},
  publisher={Springer}
}

@article{beyer2010user,
  title={User-centered agile methods},
  author={Beyer, Hugh},
  journal={Synthesis lectures on human-centered informatics},
  volume={3},
  number={1},
  pages={30},
  year={2010},
  publisher={Morgan \& Claypool Publishers}
}

@inproceedings{redstrom2000informative,
  title={Informative art: using amplified artworks as information displays},
  author={Redstr{\"o}m, Johan and Skog, Tobias and Halln{\"a}s, Lars},
  booktitle={Proceedings of DARE 2000 on Designing augmented reality environments},
  pages={103--114},
  year={2000},
  organization={ACM}
}

@inproceedings{pousman2006taxonomy,
  title={A taxonomy of ambient information systems: four patterns of design},
  author={Pousman, Zachary and Stasko, John},
  booktitle={Proceedings of the working conference on Advanced visual interfaces},
  pages={67--74},
  year={2006},
  organization={ACM}
}

@inproceedings{matthews2004toolkit,
  title={A toolkit for managing user attention in peripheral displays},
  author={Matthews, Tara and Dey, Anind K and Mankoff, Jennifer and Carter, Scott and Rattenbury, Tye},
  booktitle={Proceedings of the 17th annual ACM symposium on User interface software and technology},
  pages={247--256},
  year={2004},
  organization={ACM}
}

@inproceedings{holmquist2003informative,
  title={Informative art: information visualization in everyday environments},
  author={Holmquist, Lars Erik and Skog, Tobias},
  booktitle={Proceedings of the 1st international conference on Computer graphics and interactive techniques in Australasia and South East Asia},
  pages={229--235},
  year={2003},
  organization={ACM}
}

@inproceedings{fan2012spark,
  title={A spark of activity: exploring informative art as visualization for physical activity},
  author={Fan, Chloe and Forlizzi, Jodi and Dey, Anind K},
  booktitle={Proceedings of the 2012 ACM Conference on Ubiquitous Computing},
  pages={81--84},
  year={2012},
  organization={ACM}
}

@inproceedings{li2011understanding,
  title={Understanding my data, myself: supporting self-reflection with ubicomp technologies},
  author={Li, Ian and Dey, Anind K and Forlizzi, Jodi},
  booktitle={Proceedings of the 13th international conference on Ubiquitous computing},
  pages={405--414},
  year={2011},
  organization={ACM}
}

@inproceedings{li2010stage,
  title={A stage-based model of personal informatics systems},
  author={Li, Ian and Dey, Anind and Forlizzi, Jodi},
  booktitle={Proceedings of the SIGCHI Conference on Human Factors in Computing Systems},
  pages={558},
  year={2010},
  organization={ACM}
}

@incollection{weiser1997coming,
  title={The coming age of calm technology},
  author={Weiser, Mark and Brown, John Seely},
  booktitle={Beyond calculation},
  pages={75--85},
  year={1997},
  publisher={Springer}
}
